<?xml version="1.0" encoding="UTF-8"?><record xmlns="http://www.loc.gov/MARC21/slim" xmlns:cinclude="http://apache.org/cocoon/include/1.0" xmlns:zs="http://www.loc.gov/zing/srw/">
  <leader>00576nz  a2200133n  4500</leader>
  <controlfield tag="001">no2002007229</controlfield>
  <controlfield tag="003">DLC</controlfield>
  <controlfield tag="005">20020130051915.0</controlfield>
  <controlfield tag="008">020129n| acannaab           |n aaa     c</controlfield>
  <datafield tag="010" ind1=" " ind2=" ">
    <subfield code="a">no2002007229</subfield>
  </datafield>
  <datafield tag="035" ind1=" " ind2=" ">
    <subfield code="a">(OCoLC)oca05677311</subfield>
  </datafield>
  <datafield tag="040" ind1=" " ind2=" ">
    <subfield code="a">OOC</subfield>
    <subfield code="b">eng</subfield>
    <subfield code="c">OOC</subfield>
  </datafield>
  <datafield tag="100" ind1="1" ind2=" ">
    <subfield code="a">Herrera, Francisco Javier</subfield>
  </datafield>
  <datafield tag="670" ind1=" " ind2=" ">
    <subfield code="a">Hail to the thief &amp; his daddy's judges [SR] 2001:</subfield>
    <subfield code="b">container (Francisco Herrera) insert (Francisco Herrera, vocals; Francisco Javier Herrera; musician and performer working in collaboration with various unions, and immigrant rights, faith-based, and community organizations)</subfield>
  </datafield>
</record>